<?xml version="1.0" encoding="UTF-8"?><collection xmlns="http://www.loc.gov/MARC21/slim"><record><leader>00550nam--2200181-i-4500</leader><controlfield tag="001">000036166</controlfield><controlfield tag="002">20161230</controlfield><controlfield tag="005">20161230201040</controlfield><controlfield tag="008">060222s1000------------r-----000-0-eng-d</controlfield><datafield ind1=" " ind2=" " tag="040"><subfield code="a">IFIN-HH</subfield></datafield><datafield ind1=" " ind2=" " tag="080"><subfield code="a">537.622:621.318.1</subfield></datafield><datafield ind1="1" ind2=" " tag="100"><subfield code="a">Nasledov, D.M./S.A.</subfield></datafield><datafield ind1="1" ind2="0" tag="245"><subfield code="a">Soviet research in new semiconductor materials</subfield><subfield code="b">A special research report</subfield><subfield code="c">D.m. nasledov, n.a. goryunova (eds.)</subfield></datafield><datafield ind1=" " ind2=" " tag="260"><subfield code="a">New York</subfield><subfield code="b">Consultants Bureau</subfield><subfield code="c">1965</subfield></datafield><datafield ind1=" " ind2=" " tag="300"><subfield code="a">121P</subfield></datafield><datafield ind1=" " ind2=" " tag="700"><subfield code="a">Goryunova, N.A</subfield><subfield code="e">Ed</subfield></datafield><datafield ind1=" " ind2=" " tag="852"><subfield code="a">75199</subfield><subfield code="c">537.311.33</subfield></datafield><datafield ind1=" " ind2=" " tag="CAT"><subfield code="a">Sys</subfield><subfield code="c">20110801</subfield><subfield code="h">100949</subfield></datafield></record></collection>